<?xml version="1.0" encoding="UTF-8"?><collection xmlns="http://www.loc.gov/MARC21/slim"><record><leader>00456nam--2200133-i-4500</leader><controlfield tag="001">000033364</controlfield><controlfield tag="002">20161230</controlfield><controlfield tag="005">20161230201039</controlfield><controlfield tag="008">060222s1000------------r-----000-0-eng-d</controlfield><datafield ind1=" " ind2=" " tag="080"><subfield code="a">621.382.3(043)</subfield></datafield><datafield ind1=" " ind2=" " tag="100"><subfield code="a">Monroy-aguirre, Agustin</subfield></datafield><datafield ind1=" " ind2=" " tag="245"><subfield code="a">Contribution a l`etude et a la mise au point d`une technologie pour le transistor dmos canal n sur silicium sur corindon. these</subfield></datafield><datafield ind1=" " ind2=" " tag="260"><subfield code="a">Grenoble, Inst.Nat.Polytechnique, 1980, 164p.+ Annexe</subfield></datafield><datafield ind1=" " ind2=" " tag="852"><subfield code="a">71088</subfield></datafield></record></collection>